<?xml version="1.0" encoding="UTF-8"?><record xmlns="http://www.loc.gov/MARC21/slim" xmlns:cinclude="http://apache.org/cocoon/include/1.0" xmlns:zs="http://www.loc.gov/zing/srw/">
  <leader>01004cz  a2200253n  4500</leader>
  <controlfield tag="001">n  89123106 </controlfield>
  <controlfield tag="003">DLC</controlfield>
  <controlfield tag="005">20100517075705.0</controlfield>
  <controlfield tag="008">900823n| acannaabn          |a ana      </controlfield>
  <datafield tag="010" ind1=" " ind2=" ">
    <subfield code="a">n  89123106 </subfield>
  </datafield>
  <datafield tag="034" ind1=" " ind2=" ">
    <subfield code="d">W0761702</subfield>
    <subfield code="e">W0761702</subfield>
    <subfield code="f">N0364955</subfield>
    <subfield code="g">N0364955</subfield>
    <subfield code="2">geonames</subfield>
  </datafield>
  <datafield tag="035" ind1=" " ind2=" ">
    <subfield code="a">(OCoLC)oca02803868</subfield>
  </datafield>
  <datafield tag="040" ind1=" " ind2=" ">
    <subfield code="a">DLC</subfield>
    <subfield code="b">eng</subfield>
    <subfield code="c">DLC</subfield>
    <subfield code="d">OCoLC</subfield>
  </datafield>
  <datafield tag="043" ind1=" " ind2=" ">
    <subfield code="a">n-us-va</subfield>
  </datafield>
  <datafield tag="151" ind1=" " ind2=" ">
    <subfield code="a">Berkley (Norfolk, Va.)</subfield>
  </datafield>
  <datafield tag="410" ind1="1" ind2=" ">
    <subfield code="a">Norfolk (Va.).</subfield>
    <subfield code="b">Berkley</subfield>
  </datafield>
  <datafield tag="451" ind1=" " ind2=" ">
    <subfield code="w">nnaa</subfield>
    <subfield code="a">Berkley, Va.</subfield>
  </datafield>
  <datafield tag="451" ind1=" " ind2=" ">
    <subfield code="a">Berkeley (Norfolk, Va.)</subfield>
  </datafield>
  <datafield tag="667" ind1=" " ind2=" ">
    <subfield code="a">SUBJECT USAGE: This heading is not valid for use as a geographic subdivision.</subfield>
  </datafield>
  <datafield tag="670" ind1=" " ind2=" ">
    <subfield code="a">Koch, Augustus. Bird's eye view of Norfolk, Portsmouth, and Berkley, Norfolk Co., Va., 1891?</subfield>
  </datafield>
  <datafield tag="670" ind1=" " ind2=" ">
    <subfield code="a">Rand McNally comm. atlas, 1989</subfield>
    <subfield code="b">(Berkley, part of Norfolk)</subfield>
  </datafield>
  <datafield tag="670" ind1=" " ind2=" ">
    <subfield code="a">LC data base, 8-21-90</subfield>
    <subfield code="b">(hdg.: Berkley, Va.)</subfield>
  </datafield>
  <datafield tag="670" ind1=" " ind2=" ">
    <subfield code="a">Gannett. Gaz of Virginia, 1904</subfield>
    <subfield code="b">(Berkeley, town in Norfolk Co.)</subfield>
  </datafield>
  <datafield tag="670" ind1=" " ind2=" ">
    <subfield code="a">GeoNames, algorithmically matched, 2009</subfield>
    <subfield code="b">(ppl; 36°49ʹ55ʺN 076°17ʹ02ʺW)</subfield>
  </datafield>
</record>